<collection xmlns="http://www.loc.gov/MARC21/slim">
<record>
  <leader>02134nam0a22003251i 450 </leader>
  <controlfield tag="001">IT\ICCU\CNCE\069361</controlfield>
  <controlfield tag="005">20180518000000.0</controlfield>
  <datafield tag="012" ind1=" " ind2=" ">
    <subfield code="a">emnc deit cuan acSo (3) 1553 (A)</subfield>
    <subfield code="2">fei</subfield>
  </datafield>
  <datafield tag="100" ind1=" " ind2=" ">
    <subfield code="a">20070105d1553        0itac0103    ba</subfield>
  </datafield>
  <datafield tag="101" ind1=" " ind2=" ">
    <subfield code="a">LAT</subfield>
  </datafield>
  <datafield tag="102" ind1=" " ind2=" ">
    <subfield code="a">CH</subfield>
  </datafield>
  <datafield tag="200" ind1="1" ind2=" ">
    <subfield code="a">Modus solennis et autenticus, ad inquirendum &amp; inueniendum &amp; conuincendum Luteranos, ualde necessarius, ad salutem sanctae apostolicae sedis, &amp; omnium ecclesiasticorum, anno 1519 compositus ... per uenerabilem monachum magistrum Syluestrum Prieratem, ...Anno 1553 reuisus, &amp; satis bene emendatus ab erroribus, per reuerendissimos cardinales ad officium sanctissimae inquisitionis depuratus, per s.d.n. papam Iulium III.</subfield>
  </datafield>
  <datafield tag="210" ind1=" " ind2=" ">
    <subfield code="a">Romae</subfield>
    <subfield code="c">per Iordanum typographum pontificium</subfield>
    <subfield code="d">1553</subfield>
  </datafield>
  <datafield tag="215" ind1=" " ind2=" ">
    <subfield code="a">40 p.</subfield>
    <subfield code="d">8ʻ</subfield>
  </datafield>
  <datafield tag="300" ind1=" " ind2=" ">
    <subfield code="a">Opera, erroneamente attribuita a Silvestro Mazzolini da Prierio,  ̈in realt ̉di autore ignoto cfr.: Quetif-Echard, Scriptores ordinis Praedicatorum, Lutetiae Parisiorum, 1719-1721, II, 57. - Probabilmente pubblicato da Johann Oporinus a Basilea. Per il luogo di stampa cfr.: M. Parenti, Dizionario dei luoghi di stampa falsi, inventati o supposti, Firenze, 1951, p. 260</subfield>
  </datafield>
  <datafield tag="620" ind1=" " ind2=" ">
    <subfield code="a">IT</subfield>
    <subfield code="d">Roma</subfield>
  </datafield>
  <datafield tag="702" ind1=" " ind2="1">
    <subfield code="a">Mazzolini,</subfield>
    <subfield code="b">Silvestro</subfield>
    <subfield code="3">IT\ICCU\CNCA\013492</subfield>
  </datafield>
  <datafield tag="712" ind1="0" ind2="2">
    <subfield code="a">Iordanus typographus pontificius</subfield>
    <subfield code="3">IT\ICCU\CNCT\006129</subfield>
    <subfield code="4">650</subfield>
  </datafield>
  <datafield tag="712" ind1="0" ind2="0">
    <subfield code="a">Oporinus, Johann</subfield>
    <subfield code="3">IT\ICCU\CNCT\005932</subfield>
    <subfield code="4">650</subfield>
  </datafield>
  <datafield tag="790" ind1=" " ind2="0">
    <subfield code="a">Sylvester</subfield>
    <subfield code="c"> : de#Prierio</subfield>
    <subfield code="3">IT\ICCU\CNCA\006648</subfield>
    <subfield code="z">Mazzolini, Silvestro</subfield>
  </datafield>
  <datafield tag="790" ind1=" " ind2="0">
    <subfield code="a">Prierias</subfield>
    <subfield code="3">IT\ICCU\CNCA\017154</subfield>
    <subfield code="z">Mazzolini, Silvestro</subfield>
  </datafield>
  <datafield tag="790" ind1=" " ind2="0">
    <subfield code="a">Silvester</subfield>
    <subfield code="c"> : Prierias</subfield>
    <subfield code="3">IT\ICCU\CNCA\021240</subfield>
    <subfield code="z">Mazzolini, Silvestro</subfield>
  </datafield>
  <datafield tag="790" ind1=" " ind2="1">
    <subfield code="a">Mazolini,</subfield>
    <subfield code="b">Silvestro</subfield>
    <subfield code="3">IT\ICCU\CNCA\026519</subfield>
    <subfield code="z">Mazzolini, Silvestro</subfield>
  </datafield>
  <datafield tag="791" ind1="0" ind2="2">
    <subfield code="a">Jordanus</subfield>
    <subfield code="3">IT\ICCU\CNCT\006130</subfield>
    <subfield code="z">Iordanus typographus pontificius</subfield>
  </datafield>
  <datafield tag="791" ind1="0" ind2="0">
    <subfield code="a">Herbst, Johann</subfield>
    <subfield code="3">IT\ICCU\CNCT\005933</subfield>
    <subfield code="z">Oporinus, Johann</subfield>
  </datafield>
  <datafield tag="801" ind1=" " ind2="3">
    <subfield code="a">IT</subfield>
    <subfield code="b">ICCU</subfield>
    <subfield code="c">20201115</subfield>
  </datafield>
  <datafield tag="899" ind1=" " ind2=" ">
    <subfield code="a">Biblioteca Apostolica Vaticana. Citt ̉del Vaticano</subfield>
    <subfield code="1">EX0001</subfield>
    <subfield code="2">ZCV 01</subfield>
  </datafield>
  <datafield tag="899" ind1=" " ind2=" ">
    <subfield code="a">Biblioteca civica. Padova</subfield>
    <subfield code="1">PD0090</subfield>
    <subfield code="2">PUV 55</subfield>
  </datafield>
  <datafield tag="899" ind1=" " ind2=" ">
    <subfield code="a">Biblioteca nazionale centrale. Roma</subfield>
    <subfield code="1">RM0267</subfield>
    <subfield code="2">BVE CR</subfield>
  </datafield>
  <datafield tag="899" ind1=" " ind2=" ">
    <subfield code="a">Biblioteca Casanatense. Roma</subfield>
    <subfield code="1">RM0313</subfield>
    <subfield code="2">RML 07</subfield>
  </datafield>
</record>
</collection>
